% ********** Bibliography **********
% ****************************************
% Your bibliography should be stored here
% ****************************************

@electronic{sts,
organization = "Sapo Services",
title = {{S}{T}{S}},
url={https://store.services.sapo.pt/en/Catalog/development/free-api-sts}
}

@electronic{photosimage,
organization = "Sapo Services",
title = {{P}hotos Image Type},
url={https://store.services.sapo.pt/en/Catalog/social/free-api-photos/technical-description#entity-type-Photos-Image}
}

@electronic{imagecreate,
organization = "Sapo Services",
title = {{P}hotos ImageCreate},
url={https://store.services.sapo.pt/en/Catalog/social/free-api-photos/technical-description#service-Photos-operation-ImageCreate}
}



% ********** End of bibliography **********